@website{unsc,
	title = {Ultra Safe Nuclear Corporation},
	url = {https://usnc.com/mmr-energy-system/},
	year = {2021}
}

@presentation{unsc_mmr_pres,
	title = {Micro Modular Reactor (MMR) Energy Systems},
	url = {https://www.ifnec.org/ifnec/upload/docs/application/pdf/2019-09/3-4._usnc_mmr.pdf},
	author = {Venneri, Francesco},
	event = {IFNEC Workshop},
	year = {2019}
}

@graphic{haleu_doe_overview,
	title = {INFOGRAPHIC: What is High-Assay Low-Enriched Uranium (HALEU)?},
	url = {https://www.energy.gov/ne/downloads/infographic-what-high-assay-low-enriched-uranium-haleu},
	organization = {DOE},
	year = {2020}
}

@graphic{xe100,
	title = {Reactor: Xe-100},
	url = {https://x-energy.com/reactors/xe-100},
	organization = {X-energy},
	year = {2021}
}

@graphic{xe100_des,
	title = {X-energy xe-100 Reactor Description},
	url = {https://neutronbytes.com/2021/04/03/x-energy-signs-mou-to-build-xe-100-at-richland-wa-site/},
	year = {2021}
}

@article{bachmann,
	title = {Comparing HALEU Demand Among Advanced Reactor Fuel Cycle Transitions.},
	url = {https://www.ans.org/pubs/transactions/article-49551/},
	journal = {Proceedings of the 2021 ANS Virtual Annual Meeting},
	vol = {124},
	pages = {134-37},
	author = {"Bachmann, Amanda M. and Kathryn D. Huff"},
	year = {2021}
}

@graphic{cyclus,
	title = {Cyclus},
	url = {https://fuelcycle.org/},
	year = {2021}
}